<?xml version="1.0" encoding="UTF-8"?><record xmlns="http://www.loc.gov/MARC21/slim" xmlns:cinclude="http://apache.org/cocoon/include/1.0" xmlns:zs="http://www.loc.gov/zing/srw/">
  <leader>00425nz  a2200121n  4500</leader>
  <controlfield tag="001">n  93105034 </controlfield>
  <controlfield tag="003">DLC</controlfield>
  <controlfield tag="005">19931026105848.5</controlfield>
  <controlfield tag="008">931026n| acannaab|          |n ana |||  </controlfield>
  <datafield tag="010" ind1=" " ind2=" ">
    <subfield code="a">n  93105034 </subfield>
  </datafield>
  <datafield tag="040" ind1=" " ind2=" ">
    <subfield code="a">DLC</subfield>
    <subfield code="c">DLC</subfield>
  </datafield>
  <datafield tag="110" ind1="1" ind2="0">
    <subfield code="a">British Columbia.</subfield>
    <subfield code="b">Superintendent of Brokers</subfield>
  </datafield>
  <datafield tag="670" ind1=" " ind2=" ">
    <subfield code="a">The Regulation of AIC, Ltd., and FIC, Ltd. by the B.C. Superintendent of Brokers, 1989:</subfield>
    <subfield code="b">t.p. (B.C. Superintendent of Brokers; British Columbia)</subfield>
  </datafield>
</record>